<?xml version="1.0" encoding="UTF-8"?><record xmlns="http://www.loc.gov/MARC21/slim" xmlns:cinclude="http://apache.org/cocoon/include/1.0" xmlns:zs="http://www.loc.gov/zing/srw/">
  <leader>00375nz  a2200133n  4500</leader>
  <controlfield tag="001">no2003057079</controlfield>
  <controlfield tag="003">DLC</controlfield>
  <controlfield tag="005">20030611052520.0</controlfield>
  <controlfield tag="008">030610n| acannaab           |n aaa     c</controlfield>
  <datafield tag="010" ind1=" " ind2=" ">
    <subfield code="a">no2003057079</subfield>
  </datafield>
  <datafield tag="035" ind1=" " ind2=" ">
    <subfield code="a">(OCoLC)oca06071431</subfield>
  </datafield>
  <datafield tag="040" ind1=" " ind2=" ">
    <subfield code="a">ICU</subfield>
    <subfield code="b">eng</subfield>
    <subfield code="c">ICU</subfield>
  </datafield>
  <datafield tag="100" ind1="1" ind2="0">
    <subfield code="a">Cancik, Pascale</subfield>
  </datafield>
  <datafield tag="670" ind1=" " ind2=" ">
    <subfield code="a">Parlamentarische Opposition in den Landesverfassungen, 2000:</subfield>
    <subfield code="b">t.p. (Pascale Cancik)</subfield>
  </datafield>
</record>